%% This BibTeX bibliography file was created using BibDesk.
%% http://bibdesk.sourceforge.net/


%% Created for Julian at 2015-07-07 16:15:32 +0200 


%% Saved with string encoding Unicode (UTF-8) 



@techreport{rep:u-montreal,
	Author = {Yoshua Bengio},
	Date-Added = {2015-07-07 14:03:14 +0000},
	Date-Modified = {2015-07-07 14:06:03 +0000},
	Institution = {University of Montreal},
	Title = {Learning Deep Architectures for AI},
	Year = {2009}}

@book{book:mapr,
	Author = {Ted Dunning, Ellen Friedman},
	Date-Added = {2015-07-07 08:33:50 +0000},
	Date-Modified = {2015-07-07 08:35:58 +0000},
	Publisher = {O'Reilly},
	Title = {Practical Machine Learning: A New Look At Anomaly Detection},
	Year = {2014}}

@article{bowman:reasoning,
	Author = {Mic Bowman and Saumya K. Debray and Larry L. Peterson},
	Journal = {ACM Trans. Program. Lang. Syst.},
	Month = {November},
	Number = {5},
	Pages = {795-825},
	Title = {Reasoning About Naming Systems},
	Volume = {15},
	Year = {1993}}

@article{survey:anomaly-detection,
	Author = {Varun Chandola, Arindam Banerjee, Vipin Kumar},
	Date-Modified = {2015-07-07 09:35:39 +0000},
	Journal = {ACM Computing Surveys},
	Month = {September},
	Title = {Anomaly Detection : A Survey},
	Year = {2009}}

@article{braams:babel,
	Author = {Johannes Braams},
	Journal = {TUGboat},
	Month = {June},
	Number = {2},
	Pages = {291-301},
	Title = {Babel, a Multilingual Style-Option System for Use with LaTeX's Standard Document Styles},
	Volume = {12},
	Year = {1991}}

@inproceedings{clark:pct,
	Author = {Malcolm Clark},
	Booktitle = {TeX90 Conference Proceedings},
	Month = {March},
	Organization = {TeX Users Group},
	Pages = {84-89},
	Title = {Post Congress Tristesse},
	Year = {1991}}

@article{herlihy:methodology,
	Author = {Maurice Herlihy},
	Journal = {ACM Trans. Program. Lang. Syst.},
	Month = {November},
	Number = {5},
	Pages = {745-770},
	Title = {A Methodology for Implementing Highly Concurrent Data Objects},
	Volume = {15},
	Year = {1993}}

@book{Lamport:LaTeX,
	Address = {Reading, Massachusetts},
	Author = {Leslie Lamport},
	Publisher = {Addison-Wesley Publishing Company},
	Title = {LaTeX User's Guide and Document Reference Manual},
	Year = {1986}}

@book{salas:calculus,
	Address = {New York},
	Author = {S.L. Salas and Einar Hille},
	Publisher = {John Wiley and Sons},
	Title = {Calculus: One and Several Variable},
	Year = {1978}}
